<?xml version="1.0" encoding="UTF-8"?><collection xmlns="http://www.loc.gov/MARC21/slim"><record><leader>00526nam--2200193-u-4500</leader><controlfield tag="001">000055964</controlfield><controlfield tag="002">20161230</controlfield><controlfield tag="005">20161230201052</controlfield><controlfield tag="008">130828s1000------------r-----000-0-rus-d</controlfield><datafield ind1=" " ind2=" " tag="040"><subfield code="a">IFIN-HH</subfield></datafield><datafield ind1=" " ind2=" " tag="041"><subfield code="a">rus</subfield></datafield><datafield ind1=" " ind2=" " tag="080"><subfield code="a">523</subfield></datafield><datafield ind1="1" ind2=" " tag="100"><subfield code="a">Gorskov, G.V</subfield></datafield><datafield ind1="1" ind2="0" tag="245"><subfield code="a">Estestvennii neitronnii fon atcosferi i zemnoi kori</subfield><subfield code="c">G.v. gorskov, v.a. ziabkin, n.m. liatkovskaia, o.s. tvetkov</subfield></datafield><datafield ind1=" " ind2=" " tag="260"><subfield code="a">Moskva</subfield><subfield code="b">Atomizdat</subfield><subfield code="c">1966</subfield></datafield><datafield ind1=" " ind2=" " tag="300"><subfield code="a">408P</subfield></datafield><datafield ind1="1" ind2=" " tag="700"><subfield code="a">Tvetkov, O.S</subfield></datafield><datafield ind1=" " ind2=" " tag="852"><subfield code="a">24497</subfield><subfield code="c">523</subfield></datafield><datafield ind1=" " ind2=" " tag="CAT"><subfield code="a">Sys</subfield><subfield code="c">20130828</subfield><subfield code="h">153644</subfield></datafield></record></collection>